<record><leader>00000cas a22000007a 4500</leader><controlfield tag="001">22174917</controlfield><controlfield tag="008">900803c19859999mauwr ne      0   a0eng d</controlfield><controlfield tag="009">9107</controlfield><datafield ind1=" " ind2=" " tag="010"><subfield code="a">sn 89062433 </subfield></datafield><datafield ind1=" " ind2=" " tag="040"><subfield code="a">MGN</subfield><subfield code="b">eng</subfield><subfield code="c">MGN</subfield><subfield code="d">NSD</subfield><subfield code="d">OCLCQ</subfield></datafield><datafield ind1=" " ind2=" " tag="012"><subfield code="m">1</subfield></datafield><datafield ind1="1" ind2=" " tag="022"><subfield code="a">1081-8154</subfield><subfield code="l">1081-8154</subfield><subfield code="2">1</subfield></datafield><datafield ind1=" " ind2=" " tag="032"><subfield code="a">000076</subfield><subfield code="b">USPS</subfield></datafield><datafield ind1=" " ind2=" " tag="037"><subfield code="b">Beacon Community Newspapers, 150 Baker Ave. Ext., Suite 305, P. O. Box 9191, Concord, MA 01742-9191</subfield></datafield><datafield ind1=" " ind2=" " tag="042"><subfield code="a">msc</subfield><subfield code="a">nsdp</subfield></datafield><datafield ind1="0" ind2=" " tag="130"><subfield code="a">Lincoln journal (Acton, Mass.)</subfield></datafield><datafield ind1=" " ind2="0" tag="222"><subfield code="a">Lincoln journal</subfield><subfield code="b">(Acton, Mass.)</subfield></datafield><datafield ind1="0" ind2="0" tag="245"><subfield code="a">Lincoln journal.</subfield></datafield><datafield ind1=" " ind2=" " tag="260"><subfield code="a">Acton, Mass. :</subfield><subfield code="b">Beacon Communications Corp.,</subfield></datafield><datafield ind1=" " ind2=" " tag="300"><subfield code="a">v.</subfield></datafield><datafield ind1=" " ind2=" " tag="310"><subfield code="a">Weekly</subfield></datafield><datafield ind1="0" ind2=" " tag="362"><subfield code="a">Vol. 1, no. 1 (Sept. 5, 1985)-</subfield></datafield><datafield ind1=" " ind2=" " tag="500"><subfield code="a">Title from caption.</subfield></datafield><datafield ind1=" " ind2=" " tag="752"><subfield code="a">United States</subfield><subfield code="b">Massachusetts</subfield><subfield code="c">Middlesex</subfield><subfield code="d">Acton.</subfield></datafield><datafield ind1=" " ind2=" " tag="752"><subfield code="a">United States</subfield><subfield code="b">Massachusetts</subfield><subfield code="c">Middlesex</subfield><subfield code="d">Lincoln.</subfield></datafield><datafield ind1=" " ind2=" " tag="936"><subfield code="a">Jan. 26, 1995 LIC</subfield></datafield></record>